<record><leader>00000cas a22000007a 4500</leader><controlfield tag="001">17844018</controlfield><controlfield tag="008">880423d19141923iauwr ne      0    0eng d</controlfield><datafield ind1=" " ind2=" " tag="010"><subfield code="a">sn 88059557 </subfield></datafield><datafield ind1=" " ind2=" " tag="040"><subfield code="a">INP</subfield><subfield code="b">eng</subfield><subfield code="c">INP</subfield><subfield code="d">OCLCQ</subfield></datafield><datafield ind1=" " ind2=" " tag="042"><subfield code="a">msc</subfield></datafield><datafield ind1="0" ind2=" " tag="130"><subfield code="a">Wapello Republican (Wapello, Iowa : 1914)</subfield></datafield><datafield ind1="1" ind2="4" tag="245"><subfield code="a">The Wapello Republican.</subfield></datafield><datafield ind1=" " ind2=" " tag="260"><subfield code="a">Wapello, Iowa :</subfield><subfield code="b">R.G. Hawkins,</subfield><subfield code="c">1914-1923.</subfield></datafield><datafield ind1=" " ind2=" " tag="300"><subfield code="a">10 v.</subfield></datafield><datafield ind1=" " ind2=" " tag="310"><subfield code="a">Weekly</subfield></datafield><datafield ind1="0" ind2=" " tag="362"><subfield code="a">Vol. 56, no. 52 (Dec. 31, 1914)-v. 65, no. 47 (Nov. 22, 1923).</subfield></datafield><datafield ind1=" " ind2=" " tag="515"><subfield code="a">Vol. 56, no. 52 repeated in numbering from: Wapello Republican, Louisa County record and Louisa County Democrat.</subfield></datafield><datafield ind1=" " ind2=" " tag="752"><subfield code="a">United States</subfield><subfield code="b">Iowa</subfield><subfield code="c">Louisa</subfield><subfield code="d">Wapello.</subfield></datafield><datafield ind1="0" ind2="0" tag="780"><subfield code="t">Wapello Republican, Louisa County record and Louisa County Democrat</subfield><subfield code="w">(DLC)sn 88059556</subfield></datafield><datafield ind1="0" ind2="7" tag="785"><subfield code="t">Wapello tribune</subfield><subfield code="w">(DLC)sn 88059559</subfield></datafield><datafield ind1="0" ind2="7" tag="785"><subfield code="t">Wapello Republican and Wapello tribune</subfield><subfield code="w">(DLC)sn 88059560</subfield></datafield></record>